%YAML 1.1
%TAG !u! tag:unity3d.com,2011:
--- !u!1 &1098152723540790
GameObject:
  m_ObjectHideFlags: 0
  m_CorrespondingSourceObject: {fileID: 0}
  m_PrefabInstance: {fileID: 0}
  m_PrefabAsset: {fileID: 0}
  serializedVersion: 6
  m_Component:
  - component: {fileID: 4628147659477860}
  m_Layer: 0
  m_Name: Obstacle_D6
  m_TagString: Untagged
  m_Icon: {fileID: 0}
  m_NavMeshLayer: 0
  m_StaticEditorFlags: 0
  m_IsActive: 1
--- !u!4 &4628147659477860
Transform:
  m_ObjectHideFlags: 0
  m_CorrespondingSourceObject: {fileID: 0}
  m_PrefabInstance: {fileID: 0}
  m_PrefabAsset: {fileID: 0}
  m_GameObject: {fileID: 1098152723540790}
  m_LocalRotation: {x: 0, y: 0, z: 0, w: 1}
  m_LocalPosition: {x: 0, y: 2, z: 20.13}
  m_LocalScale: {x: 1, y: 1, z: 1}
  m_Children:
  - {fileID: 2054377015979304142}
  - {fileID: 157599347961540974}
  m_Father: {fileID: 0}
  m_RootOrder: 0
  m_LocalEulerAnglesHint: {x: 0, y: 0, z: 0}
--- !u!65 &4910319828389979301
BoxCollider:
  m_ObjectHideFlags: 0
  m_CorrespondingSourceObject: {fileID: 0}
  m_PrefabInstance: {fileID: 0}
  m_PrefabAsset: {fileID: 0}
  m_GameObject: {fileID: 2054377015979115894}
  m_Material: {fileID: 0}
  m_IsTrigger: 1
  m_Enabled: 1
  serializedVersion: 2
  m_Size: {x: 0.5, y: 0.5, z: 0.2}
  m_Center: {x: 0.00008960068, y: 0.23698139, z: -0.002861634}
--- !u!114 &6000355595977130357
MonoBehaviour:
  m_ObjectHideFlags: 0
  m_CorrespondingSourceObject: {fileID: 0}
  m_PrefabInstance: {fileID: 0}
  m_PrefabAsset: {fileID: 0}
  m_GameObject: {fileID: 2054377015979115894}
  m_Enabled: 1
  m_EditorHideFlags: 0
  m_Script: {fileID: 11500000, guid: de4925b00c342fa4e9e0b039b09459a8, type: 3}
  m_Name: 
  m_EditorClassIdentifier: 
  wrongEffect: {fileID: 2065314359499854507, guid: 37607628395d12540b1b609c58cf50b6,
    type: 3}
  parent: {fileID: 1098152723540790}
--- !u!1 &4259755844285864817
GameObject:
  m_ObjectHideFlags: 0
  m_CorrespondingSourceObject: {fileID: 0}
  m_PrefabInstance: {fileID: 0}
  m_PrefabAsset: {fileID: 0}
  serializedVersion: 6
  m_Component:
  - component: {fileID: 157599347961540974}
  - component: {fileID: 8526857233720881362}
  - component: {fileID: 8037778084299124682}
  - component: {fileID: 3981911429535551683}
  - component: {fileID: 4603761033522219638}
  - component: {fileID: 3966297123114850802}
  m_Layer: 0
  m_Name: Quad
  m_TagString: ScoreUp
  m_Icon: {fileID: 0}
  m_NavMeshLayer: 0
  m_StaticEditorFlags: 0
  m_IsActive: 1
--- !u!4 &157599347961540974
Transform:
  m_ObjectHideFlags: 0
  m_CorrespondingSourceObject: {fileID: 0}
  m_PrefabInstance: {fileID: 0}
  m_PrefabAsset: {fileID: 0}
  m_GameObject: {fileID: 4259755844285864817}
  m_LocalRotation: {x: 0, y: 0, z: 0, w: 1}
  m_LocalPosition: {x: -5, y: 7, z: 1.46}
  m_LocalScale: {x: 3, y: 8, z: 1}
  m_Children: []
  m_Father: {fileID: 4628147659477860}
  m_RootOrder: 1
  m_LocalEulerAnglesHint: {x: 0, y: 0, z: 0}
--- !u!33 &8526857233720881362
MeshFilter:
  m_ObjectHideFlags: 0
  m_CorrespondingSourceObject: {fileID: 0}
  m_PrefabInstance: {fileID: 0}
  m_PrefabAsset: {fileID: 0}
  m_GameObject: {fileID: 4259755844285864817}
  m_Mesh: {fileID: 10210, guid: 0000000000000000e000000000000000, type: 0}
--- !u!23 &8037778084299124682
MeshRenderer:
  m_ObjectHideFlags: 0
  m_CorrespondingSourceObject: {fileID: 0}
  m_PrefabInstance: {fileID: 0}
  m_PrefabAsset: {fileID: 0}
  m_GameObject: {fileID: 4259755844285864817}
  m_Enabled: 0
  m_CastShadows: 1
  m_ReceiveShadows: 1
  m_DynamicOccludee: 1
  m_MotionVectors: 1
  m_LightProbeUsage: 1
  m_ReflectionProbeUsage: 1
  m_RenderingLayerMask: 1
  m_RendererPriority: 0
  m_Materials:
  - {fileID: 10303, guid: 0000000000000000f000000000000000, type: 0}
  m_StaticBatchInfo:
    firstSubMesh: 0
    subMeshCount: 0
  m_StaticBatchRoot: {fileID: 0}
  m_ProbeAnchor: {fileID: 0}
  m_LightProbeVolumeOverride: {fileID: 0}
  m_ScaleInLightmap: 1
  m_ReceiveGI: 1
  m_PreserveUVs: 0
  m_IgnoreNormalsForChartDetection: 0
  m_ImportantGI: 0
  m_StitchLightmapSeams: 1
  m_SelectedEditorRenderState: 3
  m_MinimumChartSize: 4
  m_AutoUVMaxDistance: 0.5
  m_AutoUVMaxAngle: 89
  m_LightmapParameters: {fileID: 0}
  m_SortingLayerID: 0
  m_SortingLayer: 0
  m_SortingOrder: 0
--- !u!64 &3981911429535551683
MeshCollider:
  m_ObjectHideFlags: 0
  m_CorrespondingSourceObject: {fileID: 0}
  m_PrefabInstance: {fileID: 0}
  m_PrefabAsset: {fileID: 0}
  m_GameObject: {fileID: 4259755844285864817}
  m_Material: {fileID: 0}
  m_IsTrigger: 0
  m_Enabled: 1
  serializedVersion: 3
  m_Convex: 0
  m_CookingOptions: 14
  m_Mesh: {fileID: 10210, guid: 0000000000000000e000000000000000, type: 0}
--- !u!65 &4603761033522219638
BoxCollider:
  m_ObjectHideFlags: 0
  m_CorrespondingSourceObject: {fileID: 0}
  m_PrefabInstance: {fileID: 0}
  m_PrefabAsset: {fileID: 0}
  m_GameObject: {fileID: 4259755844285864817}
  m_Material: {fileID: 0}
  m_IsTrigger: 1
  m_Enabled: 1
  serializedVersion: 2
  m_Size: {x: 1, y: 1, z: 6.1232336e-17}
  m_Center: {x: 0, y: 0, z: 0}
--- !u!114 &3966297123114850802
MonoBehaviour:
  m_ObjectHideFlags: 0
  m_CorrespondingSourceObject: {fileID: 0}
  m_PrefabInstance: {fileID: 0}
  m_PrefabAsset: {fileID: 0}
  m_GameObject: {fileID: 4259755844285864817}
  m_Enabled: 1
  m_EditorHideFlags: 0
  m_Script: {fileID: 11500000, guid: 3d487f7452825b349b020da1d9a22c46, type: 3}
  m_Name: 
  m_EditorClassIdentifier: 
  scoreValueAdd: 100
  parent: {fileID: 1098152723540790}
--- !u!1001 &2054377015979236380
PrefabInstance:
  m_ObjectHideFlags: 0
  serializedVersion: 2
  m_Modification:
    m_TransformParent: {fileID: 4628147659477860}
    m_Modifications:
    - target: {fileID: 186730, guid: 63e18030c30a42b46bcb811695eeb6bb, type: 3}
      propertyPath: m_Name
      value: CookingPot
      objectReference: {fileID: 0}
    - target: {fileID: 186730, guid: 63e18030c30a42b46bcb811695eeb6bb, type: 3}
      propertyPath: m_TagString
      value: Obstacle
      objectReference: {fileID: 0}
    - target: {fileID: 473298, guid: 63e18030c30a42b46bcb811695eeb6bb, type: 3}
      propertyPath: m_LocalPosition.x
      value: -5
      objectReference: {fileID: 0}
    - target: {fileID: 473298, guid: 63e18030c30a42b46bcb811695eeb6bb, type: 3}
      propertyPath: m_LocalPosition.y
      value: 0
      objectReference: {fileID: 0}
    - target: {fileID: 473298, guid: 63e18030c30a42b46bcb811695eeb6bb, type: 3}
      propertyPath: m_LocalPosition.z
      value: 0
      objectReference: {fileID: 0}
    - target: {fileID: 473298, guid: 63e18030c30a42b46bcb811695eeb6bb, type: 3}
      propertyPath: m_LocalRotation.x
      value: 0
      objectReference: {fileID: 0}
    - target: {fileID: 473298, guid: 63e18030c30a42b46bcb811695eeb6bb, type: 3}
      propertyPath: m_LocalRotation.y
      value: 0
      objectReference: {fileID: 0}
    - target: {fileID: 473298, guid: 63e18030c30a42b46bcb811695eeb6bb, type: 3}
      propertyPath: m_LocalRotation.z
      value: 0
      objectReference: {fileID: 0}
    - target: {fileID: 473298, guid: 63e18030c30a42b46bcb811695eeb6bb, type: 3}
      propertyPath: m_LocalRotation.w
      value: 1
      objectReference: {fileID: 0}
    - target: {fileID: 473298, guid: 63e18030c30a42b46bcb811695eeb6bb, type: 3}
      propertyPath: m_RootOrder
      value: 0
      objectReference: {fileID: 0}
    - target: {fileID: 473298, guid: 63e18030c30a42b46bcb811695eeb6bb, type: 3}
      propertyPath: m_LocalEulerAnglesHint.x
      value: 0
      objectReference: {fileID: 0}
    - target: {fileID: 473298, guid: 63e18030c30a42b46bcb811695eeb6bb, type: 3}
      propertyPath: m_LocalEulerAnglesHint.y
      value: 0
      objectReference: {fileID: 0}
    - target: {fileID: 473298, guid: 63e18030c30a42b46bcb811695eeb6bb, type: 3}
      propertyPath: m_LocalEulerAnglesHint.z
      value: 0
      objectReference: {fileID: 0}
    - target: {fileID: 473298, guid: 63e18030c30a42b46bcb811695eeb6bb, type: 3}
      propertyPath: m_LocalScale.x
      value: 5
      objectReference: {fileID: 0}
    - target: {fileID: 473298, guid: 63e18030c30a42b46bcb811695eeb6bb, type: 3}
      propertyPath: m_LocalScale.y
      value: 5
      objectReference: {fileID: 0}
    - target: {fileID: 473298, guid: 63e18030c30a42b46bcb811695eeb6bb, type: 3}
      propertyPath: m_LocalScale.z
      value: 5
      objectReference: {fileID: 0}
    - target: {fileID: 2364054, guid: 63e18030c30a42b46bcb811695eeb6bb, type: 3}
      propertyPath: m_CastShadows
      value: 0
      objectReference: {fileID: 0}
    - target: {fileID: 13555458, guid: 63e18030c30a42b46bcb811695eeb6bb, type: 3}
      propertyPath: m_IsTrigger
      value: 1
      objectReference: {fileID: 0}
    m_RemovedComponents:
    - {fileID: 13555458, guid: 63e18030c30a42b46bcb811695eeb6bb, type: 3}
  m_SourcePrefab: {fileID: 100100000, guid: 63e18030c30a42b46bcb811695eeb6bb, type: 3}
--- !u!1 &2054377015979115894 stripped
GameObject:
  m_CorrespondingSourceObject: {fileID: 186730, guid: 63e18030c30a42b46bcb811695eeb6bb,
    type: 3}
  m_PrefabInstance: {fileID: 2054377015979236380}
  m_PrefabAsset: {fileID: 0}
--- !u!4 &2054377015979304142 stripped
Transform:
  m_CorrespondingSourceObject: {fileID: 473298, guid: 63e18030c30a42b46bcb811695eeb6bb,
    type: 3}
  m_PrefabInstance: {fileID: 2054377015979236380}
  m_PrefabAsset: {fileID: 0}
