%YAML 1.1
%TAG !u! tag:unity3d.com,2011:
--- !u!1 &1098152723540790
GameObject:
  m_ObjectHideFlags: 0
  m_CorrespondingSourceObject: {fileID: 0}
  m_PrefabInstance: {fileID: 0}
  m_PrefabAsset: {fileID: 0}
  serializedVersion: 6
  m_Component:
  - component: {fileID: 4628147659477860}
  m_Layer: 0
  m_Name: Obstacle_T5
  m_TagString: Untagged
  m_Icon: {fileID: 0}
  m_NavMeshLayer: 0
  m_StaticEditorFlags: 0
  m_IsActive: 1
--- !u!4 &4628147659477860
Transform:
  m_ObjectHideFlags: 0
  m_CorrespondingSourceObject: {fileID: 0}
  m_PrefabInstance: {fileID: 0}
  m_PrefabAsset: {fileID: 0}
  m_GameObject: {fileID: 1098152723540790}
  m_LocalRotation: {x: 0, y: 0, z: 0, w: 1}
  m_LocalPosition: {x: 0, y: 2, z: 18.83}
  m_LocalScale: {x: 1, y: 1, z: 1}
  m_Children:
  - {fileID: 759331381285838754}
  - {fileID: 7420539184525509619}
  m_Father: {fileID: 0}
  m_RootOrder: 0
  m_LocalEulerAnglesHint: {x: 0, y: 0, z: 0}
--- !u!65 &3112495019404556169
BoxCollider:
  m_ObjectHideFlags: 0
  m_CorrespondingSourceObject: {fileID: 0}
  m_PrefabInstance: {fileID: 0}
  m_PrefabAsset: {fileID: 0}
  m_GameObject: {fileID: 759331381286256080}
  m_Material: {fileID: 0}
  m_IsTrigger: 1
  m_Enabled: 1
  serializedVersion: 2
  m_Size: {x: 2.976196, y: 2.5, z: 0.5}
  m_Center: {x: -0.061253905, y: 1.0097908, z: 0}
--- !u!114 &4284063855626554569
MonoBehaviour:
  m_ObjectHideFlags: 0
  m_CorrespondingSourceObject: {fileID: 0}
  m_PrefabInstance: {fileID: 0}
  m_PrefabAsset: {fileID: 0}
  m_GameObject: {fileID: 759331381286256080}
  m_Enabled: 1
  m_EditorHideFlags: 0
  m_Script: {fileID: 11500000, guid: de4925b00c342fa4e9e0b039b09459a8, type: 3}
  m_Name: 
  m_EditorClassIdentifier: 
  wrongEffect: {fileID: 2065314359499854507, guid: 37607628395d12540b1b609c58cf50b6,
    type: 3}
  parent: {fileID: 1098152723540790}
--- !u!1 &2267609226635708554
GameObject:
  m_ObjectHideFlags: 0
  m_CorrespondingSourceObject: {fileID: 0}
  m_PrefabInstance: {fileID: 0}
  m_PrefabAsset: {fileID: 0}
  serializedVersion: 6
  m_Component:
  - component: {fileID: 7420539184525509619}
  - component: {fileID: 5291746203729534942}
  - component: {fileID: 1512932447659065468}
  - component: {fileID: 6782848462761708616}
  - component: {fileID: 8983868917608435208}
  - component: {fileID: 5644749193047101900}
  m_Layer: 0
  m_Name: Quad
  m_TagString: ScoreUp
  m_Icon: {fileID: 0}
  m_NavMeshLayer: 0
  m_StaticEditorFlags: 0
  m_IsActive: 1
--- !u!4 &7420539184525509619
Transform:
  m_ObjectHideFlags: 0
  m_CorrespondingSourceObject: {fileID: 0}
  m_PrefabInstance: {fileID: 0}
  m_PrefabAsset: {fileID: 0}
  m_GameObject: {fileID: 2267609226635708554}
  m_LocalRotation: {x: 0, y: 0, z: 0, w: 1}
  m_LocalPosition: {x: 5, y: 5.5, z: 0.99}
  m_LocalScale: {x: 2, y: 7, z: 1}
  m_Children: []
  m_Father: {fileID: 4628147659477860}
  m_RootOrder: 1
  m_LocalEulerAnglesHint: {x: 0, y: 0, z: 0}
--- !u!33 &5291746203729534942
MeshFilter:
  m_ObjectHideFlags: 0
  m_CorrespondingSourceObject: {fileID: 0}
  m_PrefabInstance: {fileID: 0}
  m_PrefabAsset: {fileID: 0}
  m_GameObject: {fileID: 2267609226635708554}
  m_Mesh: {fileID: 10210, guid: 0000000000000000e000000000000000, type: 0}
--- !u!23 &1512932447659065468
MeshRenderer:
  m_ObjectHideFlags: 0
  m_CorrespondingSourceObject: {fileID: 0}
  m_PrefabInstance: {fileID: 0}
  m_PrefabAsset: {fileID: 0}
  m_GameObject: {fileID: 2267609226635708554}
  m_Enabled: 0
  m_CastShadows: 1
  m_ReceiveShadows: 1
  m_DynamicOccludee: 1
  m_MotionVectors: 1
  m_LightProbeUsage: 1
  m_ReflectionProbeUsage: 1
  m_RenderingLayerMask: 1
  m_RendererPriority: 0
  m_Materials:
  - {fileID: 10303, guid: 0000000000000000f000000000000000, type: 0}
  m_StaticBatchInfo:
    firstSubMesh: 0
    subMeshCount: 0
  m_StaticBatchRoot: {fileID: 0}
  m_ProbeAnchor: {fileID: 0}
  m_LightProbeVolumeOverride: {fileID: 0}
  m_ScaleInLightmap: 1
  m_ReceiveGI: 1
  m_PreserveUVs: 0
  m_IgnoreNormalsForChartDetection: 0
  m_ImportantGI: 0
  m_StitchLightmapSeams: 1
  m_SelectedEditorRenderState: 3
  m_MinimumChartSize: 4
  m_AutoUVMaxDistance: 0.5
  m_AutoUVMaxAngle: 89
  m_LightmapParameters: {fileID: 0}
  m_SortingLayerID: 0
  m_SortingLayer: 0
  m_SortingOrder: 0
--- !u!64 &6782848462761708616
MeshCollider:
  m_ObjectHideFlags: 0
  m_CorrespondingSourceObject: {fileID: 0}
  m_PrefabInstance: {fileID: 0}
  m_PrefabAsset: {fileID: 0}
  m_GameObject: {fileID: 2267609226635708554}
  m_Material: {fileID: 0}
  m_IsTrigger: 0
  m_Enabled: 1
  serializedVersion: 3
  m_Convex: 0
  m_CookingOptions: 14
  m_Mesh: {fileID: 10210, guid: 0000000000000000e000000000000000, type: 0}
--- !u!65 &8983868917608435208
BoxCollider:
  m_ObjectHideFlags: 0
  m_CorrespondingSourceObject: {fileID: 0}
  m_PrefabInstance: {fileID: 0}
  m_PrefabAsset: {fileID: 0}
  m_GameObject: {fileID: 2267609226635708554}
  m_Material: {fileID: 0}
  m_IsTrigger: 1
  m_Enabled: 1
  serializedVersion: 2
  m_Size: {x: 1, y: 1, z: 6.1232336e-17}
  m_Center: {x: 0, y: 0, z: 0}
--- !u!114 &5644749193047101900
MonoBehaviour:
  m_ObjectHideFlags: 0
  m_CorrespondingSourceObject: {fileID: 0}
  m_PrefabInstance: {fileID: 0}
  m_PrefabAsset: {fileID: 0}
  m_GameObject: {fileID: 2267609226635708554}
  m_Enabled: 1
  m_EditorHideFlags: 0
  m_Script: {fileID: 11500000, guid: 3d487f7452825b349b020da1d9a22c46, type: 3}
  m_Name: 
  m_EditorClassIdentifier: 
  scoreValueAdd: 100
  parent: {fileID: 1098152723540790}
--- !u!1001 &759331381286151358
PrefabInstance:
  m_ObjectHideFlags: 0
  serializedVersion: 2
  m_Modification:
    m_TransformParent: {fileID: 4628147659477860}
    m_Modifications:
    - target: {fileID: 104814, guid: 04f3d3ea971fb874cb1fd0f19ba656f6, type: 3}
      propertyPath: m_Name
      value: SharpRock2
      objectReference: {fileID: 0}
    - target: {fileID: 104814, guid: 04f3d3ea971fb874cb1fd0f19ba656f6, type: 3}
      propertyPath: m_TagString
      value: Obstacle
      objectReference: {fileID: 0}
    - target: {fileID: 490268, guid: 04f3d3ea971fb874cb1fd0f19ba656f6, type: 3}
      propertyPath: m_LocalPosition.x
      value: 5
      objectReference: {fileID: 0}
    - target: {fileID: 490268, guid: 04f3d3ea971fb874cb1fd0f19ba656f6, type: 3}
      propertyPath: m_LocalPosition.y
      value: 0
      objectReference: {fileID: 0}
    - target: {fileID: 490268, guid: 04f3d3ea971fb874cb1fd0f19ba656f6, type: 3}
      propertyPath: m_LocalPosition.z
      value: 0
      objectReference: {fileID: 0}
    - target: {fileID: 490268, guid: 04f3d3ea971fb874cb1fd0f19ba656f6, type: 3}
      propertyPath: m_LocalRotation.x
      value: 0
      objectReference: {fileID: 0}
    - target: {fileID: 490268, guid: 04f3d3ea971fb874cb1fd0f19ba656f6, type: 3}
      propertyPath: m_LocalRotation.y
      value: 0
      objectReference: {fileID: 0}
    - target: {fileID: 490268, guid: 04f3d3ea971fb874cb1fd0f19ba656f6, type: 3}
      propertyPath: m_LocalRotation.z
      value: 0
      objectReference: {fileID: 0}
    - target: {fileID: 490268, guid: 04f3d3ea971fb874cb1fd0f19ba656f6, type: 3}
      propertyPath: m_LocalRotation.w
      value: 1
      objectReference: {fileID: 0}
    - target: {fileID: 490268, guid: 04f3d3ea971fb874cb1fd0f19ba656f6, type: 3}
      propertyPath: m_RootOrder
      value: 0
      objectReference: {fileID: 0}
    - target: {fileID: 490268, guid: 04f3d3ea971fb874cb1fd0f19ba656f6, type: 3}
      propertyPath: m_LocalEulerAnglesHint.x
      value: 0
      objectReference: {fileID: 0}
    - target: {fileID: 490268, guid: 04f3d3ea971fb874cb1fd0f19ba656f6, type: 3}
      propertyPath: m_LocalEulerAnglesHint.y
      value: 0
      objectReference: {fileID: 0}
    - target: {fileID: 490268, guid: 04f3d3ea971fb874cb1fd0f19ba656f6, type: 3}
      propertyPath: m_LocalEulerAnglesHint.z
      value: 0
      objectReference: {fileID: 0}
    m_RemovedComponents: []
  m_SourcePrefab: {fileID: 100100000, guid: 04f3d3ea971fb874cb1fd0f19ba656f6, type: 3}
--- !u!1 &759331381286256080 stripped
GameObject:
  m_CorrespondingSourceObject: {fileID: 104814, guid: 04f3d3ea971fb874cb1fd0f19ba656f6,
    type: 3}
  m_PrefabInstance: {fileID: 759331381286151358}
  m_PrefabAsset: {fileID: 0}
--- !u!4 &759331381285838754 stripped
Transform:
  m_CorrespondingSourceObject: {fileID: 490268, guid: 04f3d3ea971fb874cb1fd0f19ba656f6,
    type: 3}
  m_PrefabInstance: {fileID: 759331381286151358}
  m_PrefabAsset: {fileID: 0}
